<?xml version="1.0" encoding="UTF-8"?><collection xmlns="http://www.loc.gov/MARC21/slim"><record><leader>00596nam--2200205-i-4500</leader><controlfield tag="001">000020533</controlfield><controlfield tag="002">20161230</controlfield><controlfield tag="005">20161230201033</controlfield><controlfield tag="008">060222s1000------------r-----000-0-eng-d</controlfield><datafield ind1=" " ind2=" " tag="020"><subfield code="a">3-540-55912-4</subfield></datafield><datafield ind1=" " ind2=" " tag="040"><subfield code="a">IFIN-HH</subfield></datafield><datafield ind1=" " ind2=" " tag="080"><subfield code="a">530.182(061.3)</subfield></datafield><datafield ind1="1" ind2=" " tag="100"><subfield code="a">Fokas, A.S</subfield></datafield><datafield ind1="1" ind2="0" tag="245"><subfield code="a">Nonlinear processes in physics</subfield><subfield code="c">A.S. Fokas, D.J. Kaup, A.C. Newell, V.E. Zakharov (Eds.)</subfield></datafield><datafield ind1=" " ind2=" " tag="260"><subfield code="a">Berlin, Springer-verlag, 1993</subfield></datafield><datafield ind1=" " ind2=" " tag="300"><subfield code="a">343 P</subfield></datafield><datafield ind1=" " ind2=" " tag="490"><subfield code="a">Sprjinger Series In Nonlinear Dynamics Proceedings</subfield></datafield><datafield ind1="1" ind2=" " tag="700"><subfield code="a">Zakharov, V.E</subfield></datafield><datafield ind1=" " ind2=" " tag="852"><subfield code="a">80386</subfield><subfield code="c">531</subfield></datafield><datafield ind1=" " ind2=" " tag="CAT"><subfield code="a">Sys</subfield><subfield code="c">20100708</subfield><subfield code="h">143604</subfield></datafield></record></collection>